@article{
	aes,
	author    = {Kristijonas Cyras and
		Dimitrios Letsios and
		Ruth Misener and
		Francesca Toni},
	title     = {Argumentation for Explainable Scheduling},
	year      = {2018}
}